
@article{fong_decorated_2015,
	title = {Decorated {Cospans}},
	volume = {30},
	url = {http://arxiv.org/abs/1502.00872},
	abstract = {},
	number = {33},
	urldate = {2016-01-11},
	journal = {Theory and Applications of Categories},
	author = {Fong, Brendan},
	month = aug,
	year = {2015},
	note = {arXiv: 1502.00872},
	keywords = {18C10, 18D10, Mathematics - Category Theory},
	pages = {25},
	annote = {Comment: 25 pages},
	file = {arXiv\:1502.00872 PDF:/home/br/.mozilla/firefox/i70w2wuh.default-1436937295305/zotero/storage/7223RE34/Fong - 2015 - Decorated Cospans.pdf:application/pdf;arXiv.org Snapshot:/home/br/.mozilla/firefox/i70w2wuh.default-1436937295305/zotero/storage/HDBREF9S/1502.html:text/html}
}


@article{baez_noether_2013,
	title = {A {Noether} theorem for {Markov} processes},
	volume = {54},
	issn = {00222488},
	url = {http://scitation.aip.org/content/aip/journal/jmp/54/1/10.1063/1.4773921},
	doi = {10.1063/1.4773921},
	language = {en},
	number = {1},
	urldate = {2016-01-11},
	journal = {Journal of Mathematical Physics},
	author = {Baez, John C. and Fong, Brendan},
	year = {2013},
	pages = {013301}
}
